@article{bassi_dgeuler,
	author = "F. Bassi and S. Rebay",
	title = "High-order accurate discontinuous finite element solution of the 2{D} {E}uler equations",
	journal = "Journal of Computational Physics",
	volume = "128",
	pages = "251--285",
	year = "1997"
}

@article{ luo_taylor,
    author = "Hong Luo and Joseph D. Baum and Rainald L{\"o}hner",
    title = "A discontinuous {G}alerkin mathod based on a {T}aylor basis for the compressible flows on arbitrary grids",
    journal = "Journal of Computational Physics",
    volume = "227",
    pages = "8875--8893",
    year = 2008
}

@article { aizinger_scaleseparation,
    author = "Vadym Aizinger and Dmitri Kuzmin and Lukas Korous",
    title = "Scale separation in fast hierarchical solvers for discontinuous {G}alerkin methods",
    journal = "Applied Mathematics and Computation",
    volume = "266",
    pages = "838--849",
    year = "2015"
}

@article {luo_rdg,
    author = "Hong Luo and Luqing Luo and Robert Nourgaliev",
    title = "A reconstructed discontinuous {G}alerkin method for the {E}uler equations on arbitrary grids",
    journal = "Communications in Computational Physics",
    volume = "12",
    number = "5",
    pages = "1495--1519",
    year = "2012"
}

@article {luo_hweno,
    author = "Hong Luo and Yidong Xia and Shujie Li and Robert Nourgaliev and Chunpei Cai",
    title = "A {H}ermite {WENO} reconstruction based discontinuous {G}alerkin method for the {E}uler equations on tetrahedral grids",
    journal = "Journal of Computational Physics",
    volume = "231",
    pages = "5489--5503",
    year = "2012"
}
